<record><leader>00000cas a22000007a 4500</leader><controlfield tag="001">12990768</controlfield><controlfield tag="008">860108d18971932wiuwr ne      0    0eng d</controlfield><datafield ind1=" " ind2=" " tag="010"><subfield code="a">sn 86086021 </subfield></datafield><datafield ind1=" " ind2=" " tag="040"><subfield code="a">NPV</subfield><subfield code="b">eng</subfield><subfield code="c">NPV</subfield><subfield code="d">OCLCQ</subfield></datafield><datafield ind1=" " ind2=" " tag="042"><subfield code="a">msc</subfield></datafield><datafield ind1="0" ind2=" " tag="130"><subfield code="a">Phillips times (Phillips, Wis. : 1897)</subfield></datafield><datafield ind1="1" ind2="4" tag="245"><subfield code="a">The Phillips times.</subfield></datafield><datafield ind1="1" ind2="3" tag="246"><subfield code="a">Phillips times and Fifield advocate</subfield></datafield><datafield ind1="1" ind2="7" tag="246"><subfield code="a">Times-advocate</subfield></datafield><datafield ind1=" " ind2=" " tag="260"><subfield code="a">Phillips, Price County, Wis. :</subfield><subfield code="b">Sackett Bros.,</subfield><subfield code="c">1897-1932.</subfield></datafield><datafield ind1=" " ind2=" " tag="300"><subfield code="a">36 v. :</subfield><subfield code="b">ill.</subfield></datafield><datafield ind1=" " ind2=" " tag="310"><subfield code="a">Weekly</subfield></datafield><datafield ind1="0" ind2=" " tag="362"><subfield code="a">Vol. 21, no. 12 (Mar. 6, 1897)-v. 56, no. 16 (Apr. 22, 1932).</subfield></datafield><datafield ind1=" " ind2=" " tag="500"><subfield code="a">Publisher varies.</subfield></datafield><datafield ind1=" " ind2=" " tag="752"><subfield code="a">United States</subfield><subfield code="b">Wisconsin</subfield><subfield code="c">Price</subfield><subfield code="d">Phillips.</subfield></datafield><datafield ind1=" " ind2=" " tag="752"><subfield code="a">United States</subfield><subfield code="b">Wisconsin</subfield><subfield code="c">Price</subfield><subfield code="d">Fifield.</subfield></datafield><datafield ind1="0" ind2="0" tag="780"><subfield code="t">Phillips times and Fifield advocate</subfield><subfield code="w">(DLC)sn 86086020</subfield></datafield><datafield ind1="0" ind2="7" tag="785"><subfield code="t">Bee</subfield></datafield><datafield ind1="0" ind2="7" tag="785"><subfield code="t">Bee and the Phillips times</subfield></datafield></record>